@article{antikt_algo,
  author={Matteo Cacciari and Gavin P. Salam and Gregory Soyez},
  title={The anti-$k_t$ jet clustering algorithm},
  journal={Journal of High Energy Physics},
  volume={2008},
  number={04},
  pages={063},
  url={http://stacks.iop.org/1126-6708/2008/i=04/a=063},
  year={2008},
eprinttype = {arxiv},
eprint = {0802.1189v2 [hep-ph]}
}


@article{kt_algo,
  title = {Successive combination jet algorithm for hadron collisions},
  author = {Ellis, Stephen D. and Soper, Davison E.},
  journal = {Phys. Rev. D},
  volume = {48},
  issue = {7},
  pages = {3160--3166},
  numpages = {0},
  year = {1993},
  month = {Oct},
  publisher = {American Physical Society},
  doi = {10.1103/PhysRevD.48.3160},
  url = {http://link.aps.org/doi/10.1103/PhysRevD.48.3160},
eprinttype = {arxiv},
eprint = {hep-ph/9305266v1}

}

@article{pythia82,
	author = {Torbjorn Sjostrand et alii},
	title = {An Introduction to Pythia 8.2},
	journal = {Comput. Phys. Commun.},
	year = {2005},
	volume = {191},
	page = {159},
	eprinttype = {arxiv},
	eprint = {1410.3012 [hep-ph]}
}

@article{fastjet,
      author        = "Cacciari, Matteo and Salam, Gavin P and Soyez, Gregory",
      title         = "{FastJet user manual}",
      journal       = "Eur. Phys. J. C",
      number        = "arXiv:1111.6097. CERN-PH-TH-2011-297",
      volume        = "72",
      pages         = "1896. 69 p",
      month         = "Nov",
      year          = "2011",
      reportNumber  = "arXiv:1111.6097",
      url           = "https://cds.cern.ch/record/1402449",
      note          = "Comments: 69 pages. FastJet 3 is available from
                       http://fastjet.fr/",
}

@misc{pdg14,
	author = {The Particle Data Group},
	title = {Particle Physics Booklet},
year = {2014}
}

@article{lep3-note,
	author = {Patrizia Azzi et al.},
	title = {Prospective Studies for LEP3 with the CMS Detector},
	date = {2012-10-17},
	journal = {CMS Note},
	volume = {2012/003},
	eprinttype = {arxiv},
	eprint = {1208.1662v2}
}
